
@misc{Authors14,
 author = {Authors},
 title = {The frobnicatable foo filter},
 note = {Face and Gesture  submission ID 324. Supplied as additional material {\tt fg324.pdf}},
 year = 2014
}

@misc{Authors14b,
 author = {Authors},
 title = {Frobnication tutorial},
 note = {Supplied as additional material {\tt tr.pdf}},
 year = 2014
}

@article{Alpher02,
author = {FirstName Alpher},
title = {Frobnication},
journal = {Journal of Foo},
volume = 12, 
number = 1, 
pages = {234--778}, 
year = 2002
}

@article{Alpher03,
author = {FirstName Alpher and  FirstName Fotheringham-Smythe},
title = {Frobnication revisited},
journal = {Journal of Foo},
volume = 13, 
number = 1, 
pages = {234--778}, 
year = 2003
}

@article{Alpher04,
author = {FirstName Alpher and FirstName Fotheringham-Smythe and FirstName Gamow},
title = {Can a machine frobnicate?},
journal = {Journal of Foo},
volume = 14, 
number = 1, 
pages = {234--778}, 
year = 2004
}

@online{PyImage,
    author = "Adrian Rosebrock",
    title = "COVID-19: Face Mask Detector with OpenCV, Keras/TensorFlow, and Deep Learning",
    howpublished  = {\url{https://www.pyimagesearch.com/2020/05/04/}},
    keywords = "Computer Vision, Face mask recognition "
}

@misc{Prajna,
    author = "Prajna Bhandary",
    title = "Mask Classifier",
    howpublished  = {\url{https://www.linkedin.com/feed/update/urn\%3Ali\%3Aactivity\%3A6655711815361761280/}},
    keywords = "Computer Vision, Face mask recognition "
}

@online{sparkecho,
    author = "sparkecho",
    title = "ResNet10",
    url  = "https://github.com/opencv/opencv/tree/4.0.0-beta/samples/dnn/face_detector",
    addendum = "",
    keywords = "Computer Vision, Face detector "
}

@misc{s2018mobilenetv2,
    title={MobileNetV2: Inverted Residuals and Linear Bottlenecks},
    author={Mark Sandler and Andrew Howard and Menglong Zhu and Andrey Zhmoginov and Liang-Chieh Chen},
    year={2018},
    eprint={1801.04381},
    archivePrefix={arXiv},
    primaryClass={cs.CV}
}

@misc{keras,
  title={Keras},
  author={Chollet, Fran\c{c}ois and others},
  year={2015},
  howpublished={\url{https://keras.io}},
}

@inproceedings{imagenet_cvpr09,
        AUTHOR = {Deng, J. and Dong, W. and Socher, R. and Li, L.-J. and Li, K. and Fei-Fei, L.},
        TITLE = {{ImageNet: A Large-Scale Hierarchical Image Database}},
        BOOKTITLE = {CVPR09},
        YEAR = {2009},
        BIBSOURCE = "http://www.image-net.org/papers/imagenet_cvpr09.bib"}
        
@inproceedings{liu2016ssd,
  title = {{SSD}: Single Shot MultiBox Detector},
  author = {Liu, Wei and Anguelov, Dragomir and Erhan, Dumitru and Szegedy, Christian and Reed, Scott and Fu, Cheng-Yang and Berg, Alexander C.},
  booktitle = {ECCV},
  year = {2016}
}

@article{jia2014caffe,
  Author = {Jia, Yangqing and Shelhamer, Evan and Donahue, Jeff and Karayev, Sergey and Long, Jonathan and Girshick, Ross and Guadarrama, Sergio and Darrell, Trevor},
  Journal = {arXiv preprint arXiv:1408.5093},
  Title = {Caffe: Convolutional Architecture for Fast Feature Embedding},
  Year = {2014}
}

@inproceedings{yang2016wider,
	Author = {Yang, Shuo and Luo, Ping and Loy, Chen Change and Tang, Xiaoou},
	Booktitle = {IEEE Conference on Computer Vision and Pattern Recognition (CVPR)},
	Title = {WIDER FACE: A Face Detection Benchmark},
	Year = {2016}}