@article{Carleo_2017,
   title={Solving the quantum many-body problem with artificial neural networks},
   volume={355},
   ISSN={1095-9203},
   url={http://dx.doi.org/10.1126/science.aag2302},
   DOI={10.1126/science.aag2302},
   number={6325},
   journal={Science},
   publisher={American Association for the Advancement of Science (AAAS)},
   author={Carleo, Giuseppe and Troyer, Matthias},
   year={2017},
   month={Feb},
   pages={602â€“606}
}

%%%%%%%%%%%%%%%%%%%%%%%%%%%%%%%%%%%%%%%%%%%%%%%%%%

@article{Sorella,
author = {Sorella,Sandro  and Casula,Michele  and Rocca,Dario },
title = {Weak binding between two aromatic rings: Feeling the van der Waals attraction by quantum Monte Carlo methods},
journal = {The Journal of Chemical Physics},
volume = {127},
number = {1},
pages = {014105},
year = {2007},
doi = {10.1063/1.2746035},

URL = { 
        https://doi.org/10.1063/1.2746035
    
},

}

%%%%%%%%%%%%%%%%%%%%%%%%%%%%%%%%%%%%%%%%%%%%%%%%%%

@article{netket,
      author    = {Carleo, Giuseppe and Choo, Kenny and Hofmann, Damian and
         Smith, James E.~T. and Westerhout, Tom and Alet, Fabien and
         Davis, Emily J. and Efthymiou, Stavros and Glasser, Ivan and
         Lin, Sheng-Hsuan and Mauri, Marta and Mazzola, Guglielmo and
         Mendl, Christian B. and van Nieuwenburg, Evert and
         O'Reilly, Ossian and Th{\'e}veniaut, Hugo and Torlai, Giacomo and Vicentini, Filippo and
         Wietek, Alexander},
      title     = {NetKet: A Machine Learning Toolkit for Many-Body Quantum Systems},
      journal   = {SoftwareX},
      pages   = {100311},
      doi   = {10.1016/j.softx.2019.100311},
      url   = {http://www.sciencedirect.com/science/article/pii/S2352711019300974},
      year      = 2019
    }